<?xml version="1.0" encoding="UTF-8"?><collection xmlns="http://www.loc.gov/MARC21/slim"><record><leader>00591nam--2200193-i-4500</leader><controlfield tag="001">000027981</controlfield><controlfield tag="002">20161230</controlfield><controlfield tag="005">20161230201037</controlfield><controlfield tag="008">060222s1000------------r-----000-0-eng-d</controlfield><datafield ind1=" " ind2=" " tag="040"><subfield code="a">IFIN-HH</subfield></datafield><datafield ind1=" " ind2=" " tag="080"><subfield code="a">536.71:519.688:532.5</subfield></datafield><datafield ind1="1" ind2=" " tag="100"><subfield code="a">Thompson, S.L</subfield></datafield><datafield ind1="1" ind2="0" tag="245"><subfield code="a">Improvements in the chart d. radiation-hydrodymic code ii. i of 4 sc rr 710713</subfield><subfield code="b">A revised program</subfield><subfield code="c">S.l. thompson; h.s. lauson</subfield></datafield><datafield ind1=" " ind2=" " tag="260"><subfield code="a">Albuquerque</subfield><subfield code="b">Sandia Laboratories</subfield><subfield code="c">1975</subfield></datafield><datafield ind1=" " ind2=" " tag="300"><subfield code="a">2 VOLUME</subfield></datafield><datafield ind1="1" ind2=" " tag="700"><subfield code="a">Lauson, H.S</subfield></datafield><datafield ind1=" " ind2=" " tag="787"><subfield code="a">Vol. 2</subfield><subfield code="h">/Pag.Dif.</subfield></datafield><datafield ind1=" " ind2=" " tag="852"><subfield code="a">70766</subfield><subfield code="c">536.7</subfield></datafield><datafield ind1=" " ind2=" " tag="CAT"><subfield code="a">Sys</subfield><subfield code="c">20110601</subfield><subfield code="h">114430</subfield></datafield></record></collection>